@book{course_book,
  title =     {Interactive Computer Graphics  A Top-Down Approach with Shader-Based OpenGL},
  author =    {Edward Angel, Dave Shreiner},
  publisher = {Addison-Wesley},
  isbn =      {978-0-13-254523-5},
  year =      {2012},
  series =    {},
  edition =   {6 edition},
  volume =    {},
}
@article{particle_systems,
 author = {Reeves, W. T.},
 title = {Particle Systems\&Mdash;a Technique for Modeling a Class of Fuzzy Objects},
 journal = {ACM Trans. Graph.},
 issue_date = {April 1983},
 volume = {2},
 number = {2},
 month = apr,
 year = {1983},
 issn = {0730-0301},
 pages = {91--108},
 numpages = {18},
 url = {http://doi.acm.org/10.1145/357318.357320},
 doi = {10.1145/357318.357320},
 acmid = {357320},
 publisher = {ACM},
 address = {New York, NY, USA},
}
